@BOOK{Kaushik10,
AUTHOR={Avinash Kaushik},
TITLE={Web Analytics 2.0},
booktitle={The art of online accountability and science of customer centricity},
YEAR={2010}
}

@BOOK{Croll13,
AUTHOR={Alistair Croll & Benjamin Yoskovitz},
TITLE={Lean Ananlytics},
booktitle={Use Data to Build a Better Startup Faster},
YEAR={2013}
}


@online{Cory13,
author = {Cory Janssen},
title = {Mobile Application (Mobile App)},
url = {http://www.techopedia.com/definition/2953/mobile-application-mobile-app},
OPTlanguage = {English},
OPTurldate = {2013-04-10},
}

@online{Cory13-2,
author = {Cory Janssen},
title = {Native Mobile App},
url = {http://www.techopedia.com/definition/27568/native-mobile-app},
year= {2012},
OPTlanguage = {English},
OPTurldate = {2013-04-10},
}


@online{Cory13-3,
author = {Cory Janssen},
title = {Mobile Application (Mobile App)},
url = {http://www.techopedia.com/definition/13564/agile-software-development},
OPTlanguage = {English},
OPTurldate = {2013-05-02},
}

@online{PhoneGap,
url = {http://phonegap.com/about/},
OPTlanguage = {English},
OPTurldate = {2013-04-10},
}

@online{Doug12,
author = {Doug Seven},
title = {What is a Hybrid Mobile App?},
url = {http://www.icenium.com/community/blog/icenium-team-blog/2012/06/14/what-is-a-hybrid-mobile-app-},
year= {2012},
OPTlanguage = {English},
OPTurldate = {2013-04-10},
}

@online{Smith12,
author = {Sue Smith},
title = {Native App or Mobile Web App?},
url = {http://www.techopedia.com/2/28134/development/web-development/native-app-or-mobile-web-app},
year= {2012},
OPTlanguage = {English},
OPTurldate = {2013-04-10},
}

@online{Chen12,
author = {Andrew Chen},
title = {Mobile app startups are failing like it's 1999},
url = {http://andrewchen.co/2012/08/15/mobile-app-startups-are-failing-like-its-1999/},
year= {2012},
OPTlanguage = {English},
OPTurldate = {2013-04-23},
}

@online{Farmer08,
author = {Jesse Farmer},
title = {Data-Driven Development},
url = {http://20bits.com/article/data-driven-development},
year= {2008},
OPTlanguage = {English},
OPTurldate = {2013-04-23},
}

@article{Denne04,
author = {Mark Denne, Jane Cleland-Huang},
title = {The Incremental Funding Method
- A Data Driven Approach to Software Development},
journaltitle = {Software, IEEE. Volume 23, Issue 3},
year = {2004},
}
